<collection xmlns="http://www.loc.gov/MARC21/slim">
<record>
  <leader>01617nam0a22002891i 450 </leader>
  <controlfield tag="001">IT\ICCU\CNCE\047124</controlfield>
  <controlfield tag="005">19990216000000.0</controlfield>
  <datafield tag="012" ind1=" " ind2=" ">
    <subfield code="a">a-ud dea- u-Te eoex (3) 1597 (R)</subfield>
    <subfield code="2">fei</subfield>
  </datafield>
  <datafield tag="100" ind1=" " ind2=" ">
    <subfield code="a">19990212d1597        0itac0103    ba</subfield>
  </datafield>
  <datafield tag="101" ind1=" " ind2=" ">
    <subfield code="a">LAT</subfield>
  </datafield>
  <datafield tag="102" ind1=" " ind2=" ">
    <subfield code="a">IT</subfield>
  </datafield>
  <datafield tag="200" ind1="1" ind2=" ">
    <subfield code="a">De sacris apostolicis traditionibus liber, qui &amp; Apologeticus, authore F. Gregorio Nunnio Coronel Lusitano, ...</subfield>
  </datafield>
  <datafield tag="210" ind1=" " ind2=" ">
    <subfield code="a">Romae</subfield>
    <subfield code="c">ex Typographia externarum linguarum apud Iacobum Lunam</subfield>
    <subfield code="d">1597</subfield>
    <subfield code="e">Romae</subfield>
    <subfield code="g">in Typographia linguarum externarum. Excudebat Iacobus Luna</subfield>
    <subfield code="h">prid. Id. Iun. 1597</subfield>
  </datafield>
  <datafield tag="215" ind1=" " ind2=" ">
    <subfield code="a">145, \3! p. ;4ʻ</subfield>
  </datafield>
  <datafield tag="300" ind1=" " ind2=" ">
    <subfield code="a">E&apos; la seconda parte (con nuova paginazione e segnatura) del vol. 2. di: De optimo reipublicae statu. Romae, 1597, dello stesso A</subfield>
  </datafield>
  <datafield tag="620" ind1=" " ind2=" ">
    <subfield code="a">IT</subfield>
    <subfield code="d">Roma</subfield>
  </datafield>
  <datafield tag="700" ind1=" " ind2="1">
    <subfield code="a">Coronel,</subfield>
    <subfield code="b">Gregorio Nuęz</subfield>
    <subfield code="3">IT\ICCU\CNCA\003506</subfield>
  </datafield>
  <datafield tag="712" ind1="0" ind2="2">
    <subfield code="a">Tipografia Medicea Orientale</subfield>
    <subfield code="3">IT\ICCU\CNCT\000507</subfield>
    <subfield code="4">650</subfield>
  </datafield>
  <datafield tag="712" ind1="0" ind2="0">
    <subfield code="a">Luna, Giacomo</subfield>
    <subfield code="3">IT\ICCU\CNCT\000574</subfield>
    <subfield code="4">650</subfield>
  </datafield>
  <datafield tag="790" ind1=" " ind2="1">
    <subfield code="a">Nunez Coronel,</subfield>
    <subfield code="b">Gregorio</subfield>
    <subfield code="3">IT\ICCU\CNCA\013549</subfield>
    <subfield code="z">Coronel, Gregorio Nuęz</subfield>
  </datafield>
  <datafield tag="791" ind1="0" ind2="2">
    <subfield code="a">Typographia Linguarum Externarum</subfield>
    <subfield code="3">IT\ICCU\CNCT\002895</subfield>
    <subfield code="z">Tipografia Medicea Orientale</subfield>
  </datafield>
  <datafield tag="791" ind1="0" ind2="2">
    <subfield code="a">Typographia Medicea</subfield>
    <subfield code="3">IT\ICCU\CNCT\002896</subfield>
    <subfield code="z">Tipografia Medicea Orientale</subfield>
  </datafield>
  <datafield tag="791" ind1="0" ind2="0">
    <subfield code="a">Luna, Iacobus</subfield>
    <subfield code="3">IT\ICCU\CNCT\004983</subfield>
    <subfield code="z">Luna, Giacomo</subfield>
  </datafield>
  <datafield tag="801" ind1=" " ind2="3">
    <subfield code="a">IT</subfield>
    <subfield code="b">ICCU</subfield>
    <subfield code="c">20201115</subfield>
  </datafield>
  <datafield tag="899" ind1=" " ind2=" ">
    <subfield code="a">Biblioteca nazionale centrale. Roma</subfield>
    <subfield code="1">RM0267</subfield>
    <subfield code="2">BVE CR</subfield>
  </datafield>
  <datafield tag="911" ind1=" " ind2=" ">
    <subfield code="a">In fine</subfield>
    <subfield code="9">IT\ICCU\CNCM\000050</subfield>
  </datafield>
  <datafield tag="921" ind1=" " ind2=" ">
    <subfield code="a">IT\ICCU\CNCM\000050</subfield>
    <subfield code="b">In un campo arato una mano che esce dalle nuvole getta semi. A terra un aratro.</subfield>
    <subfield code="e">In exultatione metent.</subfield>
    <subfield code="c">V234</subfield>
    <subfield code="c">Z1031</subfield>
    <subfield code="f">ARATRO</subfield>
    <subfield code="f">CAMPO</subfield>
    <subfield code="f">INEXULTATI</subfield>
    <subfield code="f">MANO</subfield>
    <subfield code="f">SEMI</subfield>
    <subfield code="g">1592-1597</subfield>
  </datafield>
</record>
</collection>
